@misc{1607.02173,
Author = {Yusuf Isik and Jonathan Le Roux and Zhuo Chen and Shinji Watanabe and John R. Hershey},
Title = {Single-Channel Multi-Speaker Separation using Deep Clustering},
Year = {2016},
Eprint = {arXiv:1607.02173},
},
@misc{1707.03634,
Author = {Yi Luo and Zhuo Chen and Nima Mesgarani},
Title = {Speaker-independent Speech Separation with Deep Attractor Network},
Year = {2017},
Eprint = {arXiv:1707.03634},
}